

@BOOK{latex,
  title = {LaTeX : A Documentation Preparation System User's Guide and Reference Manual},
  publisher = {Addison-Wesley Professional},
  year = {1994},
  author = {Leslie Lamport}
}

@InProceedings{sturm12iros,
	author = {J. Sturm and N. Engelhard and F. Endres and W. Burgard and D. Cremers},
	title = "A Benchmark for the Evaluation of RGB-D SLAM Systems",
	booktitle = "Proc. of the International Conference on Intelligent Robot Systems (IROS)",
	year = "2012",
	month= "Oct.",
}

@article{Horn87,
    author = {Horn, B. K. P.},
    citeulike-article-id = {5326073},
    citeulike-linkout-0 = {http://citeseerx.ist.psu.edu/viewdoc/summary?doi=10.1.1.67.6649},
    journal = {Journal of the Optical Society of America A},
    keywords = {point-set, reference, registration, rigid},
    number = {4},
    pages = {629--642},
    posted-at = {2009-08-18 17:31:24},
    priority = {2},
    title = {{Closed-form solution of absolute orientation using unit quaternions}},
    url = {http://citeseerx.ist.psu.edu/viewdoc/summary?doi=10.1.1.67.6649},
    volume = {4},
    year = {1987}
}

@INPROCEEDINGS{pless_03, 
author={Pless, R.}, 
booktitle={Computer Vision and Pattern Recognition, 2003. Proceedings. 2003 IEEE Computer Society Conference on}, 
title={Using many cameras as one}, 
year={2003}, 
volume={2}, 
pages={II-587-93 vol.2}, 
keywords={cameras;computational geometry;image motion analysis;minimisation;camera network;computer vision;discrete structure;epipolar geometry;formal mechanism;imaging model constraint;motion algorithm;motion equation;multiple cameras;optimal design;panoramic imaging system;projection center;single generalized camera;single imaging device;structure analysis;Algorithm design and analysis;Cameras;Computer vision;Equations;Geometry;Image analysis;Layout;Motion analysis;Motion estimation;Solid modeling}, 
doi={10.1109/CVPR.2003.1211520}, 
ISSN={1063-6919},}


@INPROCEEDINGS{oskiper_07, 
author={Oskiper, Taragay and Zhiwei Zhu and Samarasekera, Supun and Kumar, Rakesh}, 
booktitle={Computer Vision and Pattern Recognition, 2007. CVPR '07. IEEE Conference on}, 
title={Visual Odometry System Using Multiple Stereo Cameras and Inertial Measurement Unit}, 
year={2007}, 
pages={1-8}, 
keywords={Global Positioning System;SLAM (robots);image matching;inertial systems;pose estimation;stereo image processing;GPS denied environments;human wearable systems;inertial measurement unit;landmark matching;pose estimation mechanism;simultaneous localization and mapping type method;stereo cameras;visual odometry system;Algorithm design and analysis;Cameras;Global Positioning System;Humans;Measurement units;Portable computers;Prototypes;Robustness;Simultaneous localization and mapping;System testing}, 
doi={10.1109/CVPR.2007.383087}, 
ISSN={1063-6919},}

@INPROCEEDINGS{clipp_09, 
author={Clipp, B. and Jae-Hak Kim and Frahm, J.-M. and Pollefeys, M. and Hartley, R.}, 
booktitle={Applications of Computer Vision, 2008. WACV 2008. IEEE Workshop on}, 
title={Robust 6DOF Motion Estimation for Non-Overlapping, Multi-Camera Systems}, 
year={2008}, 
pages={1-8}, 
keywords={computer vision;image sensors;motion estimation;pose estimation;6DOF motion estimation;nonoverlapping multicamera systems;nonoverlapping views;pose estimation;Cameras;Computer science;Degradation;Head;Layout;Motion estimation;Navigation;Robustness;Vehicles}, 
doi={10.1109/WACV.2008.4544011}, 
ISSN={1550-5790},}

@inproceedings{lee_13,
  author    = {Gim Hee Lee and
               Friedrich Fraundorfer and
               Marc Pollefeys},
  title     = {Motion Estimation for a Self-Driving Car with a Generalized Camera },
  booktitle = {CVPR},
  year      = {2013},
  pages     = {}
}

@INPROCEEDINGS{nayar_01, 
author={Grossberg, M.D. and Nayar, S.K.}, 
booktitle={Computer Vision, 2001. ICCV 2001. Proceedings. Eighth IEEE International Conference on}, 
title={A general imaging model and a method for finding its parameters}, 
year={2001}, 
volume={2}, 
pages={108-115 vol.2}, 
keywords={calibration;computer vision;arbitrary imaging system;computer vision;dominant imaging model;general imaging model;image sensing;linear perspective projection;optical properties;raxels;scene rays;virtual sensing elements;Calibration;Cameras;Computer vision;Eyes;Layout;Lenses;Mirrors;Optical distortion;Optical imaging;Optical sensors}, 
doi={10.1109/ICCV.2001.937611},}

@INPROCEEDINGS{nister_04, 
author={Nister, D. and Naroditsky, O. and Bergen, J.}, 
booktitle={Computer Vision and Pattern Recognition, 2004. CVPR 2004. Proceedings of the 2004 IEEE Computer Society Conference on}, 
title={Visual odometry}, 
year={2004}, 
volume={1}, 
pages={I-652-I-659 Vol.1}, 
keywords={image matching;motion estimation;navigation;vehicles;video cameras;video signal processing;aerial platforms;automotive platforms;autonomous ground vehicle;camera motion;camera trajectories;feature tracker;geometric hypothesize-and-test architecture;global positioning system;handheld platforms;image trajectories;inertial navigation;motion estimation;pose estimation method;robust estimation;single moving camera;stereo head;video rate;visual odometry;Cameras;Delay estimation;Global Positioning System;Head;Layout;Motion estimation;Navigation;Real time systems;Robustness;Tracking}, 
doi={10.1109/CVPR.2004.1315094}, 
ISSN={1063-6919},}

@incollection{frahm_04,
year={2004},
isbn={978-3-540-22945-2},
booktitle={Pattern Recognition},
volume={3175},
series={Lecture Notes in Computer Science},
editor={Rasmussen, CarlEdward and Bülthoff, HeinrichH. and Schölkopf, Bernhard and Giese, MartinA.},
doi={10.1007/978-3-540-28649-3_35},
title={Pose Estimation for Multi-camera Systems},
url={http://dx.doi.org/10.1007/978-3-540-28649-3_35},
publisher={Springer Berlin Heidelberg},
author={Frahm, Jan-Michael and Köser, Kevin and Koch, Reinhard},
pages={286-293}
}
 
@INPROCEEDINGS{stewenius_05,
    author = {Henrik Stewenius and David Nistér and et al.},
    title = {Solutions to Minimal Generalized Relative Pose Problems},
    booktitle = {IN WORKSHOP ON OMNIDIRECTIONAL VISION},
    year = {2005},
    publisher = {}
}

@INPROCEEDINGS{scaramuzza_06, 
author={Scaramuzza, D. and Martinelli, A. and Siegwart, R.}, 
booktitle={Computer Vision Systems, 2006 ICVS '06. IEEE International Conference on}, 
title={A Flexible Technique for Accurate Omnidirectional Camera Calibration and Structure from Motion}, 
year={2006}, 
pages={45-45}, 
keywords={Calibration;Cameras;Cognitive robotics;Computer vision;Layout;Lenses;Machine vision;Mirrors;Motion estimation;Robot vision systems}, 
doi={10.1109/ICVS.2006.3},}

@INPROCEEDINGS{scaramuzza_06_02, 
author={Scaramuzza, D. and Martinelli, A. and Siegwart, R.}, 
booktitle={Intelligent Robots and Systems, 2006 IEEE/RSJ International Conference on}, 
title={A Toolbox for Easily Calibrating Omnidirectional Cameras}, 
year={2006}, 
pages={5695-5701}, 
keywords={image sensors;laser ranging;least squares approximations;mathematics computing;maximum likelihood estimation;series (mathematics);3D sick laser range finder;Taylor series expansion;Toolbox;four-step least-squares linear minimization problem;maximum likelihood criterion;omnidirectional cameras;Calibration;Intelligent robots;Layout;Lenses;Mathematical model;Maximum likelihood estimation;Mirrors;Robot vision systems;Smart cameras;Taylor series;calibration;camera;catadioptric;omnidirectional;toolbox}, 
doi={10.1109/IROS.2006.282372},}

@INPROCEEDINGS{blanco_12, 
author={Blanco, J.}, 
booktitle={Tech. rep., University of Malaga, Malaga, Spain}, 
title={A tutorial on SE(3) transformation parameterizations and on manifold optimization. }, 
year={2012}, 
pages={}, 
keywords={}, 
doi={},}

@INPROCEEDINGS{Agrawal_06, 
author={Agrawal, M.}, 
booktitle={Intelligent Robots and Systems, 2006 IEEE/RSJ International Conference on}, 
title={A Lie Algebraic Approach for Consistent Pose Registration for General Euclidean Motion}, 
year={2006}, 
pages={1891-1897}, 
keywords={Lie algebras;iterative methods;mobile robots;GPS;LADAR;Lie algebra;Mahalanobis distances;consistent pose registration;flat world assumption;general Euclidean motion;global consistent trajectory;iterative algorithm;local relative pose estimation;moving robot;robot motion;six-degrees-of-freedom Euclidean motion;vision sensing;wheel encoders;Artificial intelligence;Intelligent robots;Iterative algorithms;Mobile robots;Motion estimation;Navigation;Sensor systems;Simultaneous localization and mapping;Uncertainty;Wheels}, 
doi={10.1109/IROS.2006.282313},}


@BOOK{camera_model,
  title = {Multiple View Geometry in computer vision},
  publisher = {Cambridge University Press},
  year = {2003},
  author = {Richard Hartley and Andrew Zisserman},
  pages = {153-160},
}

@article{devernay_01,
year={2001},
issn={0932-8092},
journal={Machine Vision and Applications},
volume={13},
number={1},
doi={10.1007/PL00013269},
title={Straight lines have to be straight},
url={http://dx.doi.org/10.1007/PL00013269},
publisher={Springer-Verlag},
keywords={Key words: Camera calibration – Nonlinear distortion – Self-calibration – Camera models},
author={Devernay, Frédéric and Faugeras, Olivier},
pages={14-24},
language={English}
}
@article{sift_04,
year={2004},
issn={0920-5691},
journal={International Journal of Computer Vision},
volume={60},
number={2},
doi={10.1023/B:VISI.0000029664.99615.94},
title={Distinctive Image Features from Scale-Invariant Keypoints},
url={http://dx.doi.org/10.1023/B%3AVISI.0000029664.99615.94},
publisher={Kluwer Academic Publishers},
keywords={invariant features; object recognition; scale invariance; image matching},
author={Lowe, DavidG.},
pages={91-110},
language={English}
}

@incollection{surf_06,
year={2006},
isbn={978-3-540-33832-1},
booktitle={Computer Vision – ECCV 2006},
volume={3951},
series={Lecture Notes in Computer Science},
editor={Leonardis, Aleš and Bischof, Horst and Pinz, Axel},
doi={10.1007/11744023_32},
title={SURF: Speeded Up Robust Features},
url={http://dx.doi.org/10.1007/11744023_32},
publisher={Springer Berlin Heidelberg},
author={Bay, Herbert and Tuytelaars, Tinne and Gool, Luc},
pages={404-417}
}

@INPROCEEDINGS{hog_05, 
author={Dalal, N. and Triggs, B.}, 
booktitle={Computer Vision and Pattern Recognition, 2005. CVPR 2005. IEEE Computer Society Conference on}, 
title={Histograms of oriented gradients for human detection}, 
year={2005}, 
volume={1}, 
pages={886-893 vol. 1}, 
keywords={feature extraction;gradient methods;object detection;object recognition;support vector machines;coarse spatial binning;contrast normalization;edge based descriptors;fine orientation binning;fine-scale gradients;gradient based descriptors;histograms of oriented gradients;human detection;linear SVM;overlapping descriptor;pedestrian database;robust visual object recognition;High performance computing;Histograms;Humans;Image databases;Image edge detection;Object detection;Object recognition;Robustness;Support vector machines;Testing}, 
doi={10.1109/CVPR.2005.177}, 
ISSN={1063-6919},}

@INPROCEEDINGS{orb_11, 
author={Rublee, E. and Rabaud, V. and Konolige, K. and Bradski, G.}, 
booktitle={Computer Vision (ICCV), 2011 IEEE International Conference on}, 
title={ORB: An efficient alternative to SIFT or SURF}, 
year={2011}, 
pages={2564-2571}, 
keywords={computer vision;image matching;object detection;object recognition;tracking;transforms;BRIEF;ORB;SIFT;SURF;binary descriptor;computer vision;feature matching;noise resistance;object detection;object recognition;patch-tracking;smart phone;Boats}, 
doi={10.1109/ICCV.2011.6126544}, 
ISSN={1550-5499},}

@incollection{brief_10,
year={2010},
isbn={978-3-642-15560-4},
booktitle={Computer Vision – ECCV 2010},
volume={6314},
series={Lecture Notes in Computer Science},
editor={Daniilidis, Kostas and Maragos, Petros and Paragios, Nikos},
doi={10.1007/978-3-642-15561-1_56},
title={BRIEF: Binary Robust Independent Elementary Features},
url={http://dx.doi.org/10.1007/978-3-642-15561-1_56},
publisher={Springer Berlin Heidelberg},
author={Calonder, Michael and Lepetit, Vincent and Strecha, Christoph and Fua, Pascal},
pages={778-792}
}

@INPROCEEDINGS{brisk_11, 
author={Leutenegger, S. and Chli, M. and Siegwart, R.Y.}, 
booktitle={Computer Vision (ICCV), 2011 IEEE International Conference on}, 
title={BRISK: Binary Robust invariant scalable keypoints}, 
year={2011}, 
pages={2548-2555}, 
keywords={computer vision;feature extraction;image matching;transforms;BRISK method;SIFT algorithm;SURF algorithm;binary robust invariant scalable keypoints;bit-string descriptor;computer vision application;image transformation;keypoint description;keypoint detection;keypoint generation;keypoint matching;scale-space FAST-based detector;Boats;Brightness;Complexity theory;Detectors;Feature extraction;Kernel;Robustness}, 
doi={10.1109/ICCV.2011.6126542}, 
ISSN={1550-5499},}

@INPROCEEDINGS{freak_12, 
author={Alahi, A. and Ortiz, R. and Vandergheynst, P.}, 
booktitle={Computer Vision and Pattern Recognition (CVPR), 2012 IEEE Conference on}, 
title={FREAK: Fast Retina Keypoint}, 
year={2012}, 
pages={510-517}, 
keywords={computational complexity;eye;image matching;smart phones;transforms;SIFT;SURF;association algorithm;binary robust invariant scalable keypoint;binary string;computation complexity;embedded application;embedded device;fast retina keypoint;human visual system;keypoint descriptor;keypoint matching;scale invariant feature transform;smart phone;speed-up robust feature;vision application;Detectors;Humans;Kernel;Noise;Retina;Robustness;Vectors}, 
doi={10.1109/CVPR.2012.6247715}, 
ISSN={1063-6919},}

@inproceedings{lategahn_13, 
Address = {Gold Coast, Australia}, 
Author = {Lategahn, H. and Beck, J. and Kitt, B. and Stiller, C.}, 
Booktitle = {IEEE Intelligent Vehicles Symposium}, 
Title = {How to Learn an Illumination Robust Image Feature for Place Recognition}, 
Year = {2013}}

@article{siftgpu_11,
year={2011},
issn={0932-8092},
journal={Machine Vision and Applications},
volume={22},
number={1},
doi={10.1007/s00138-007-0105-z},
title={Feature tracking and matching in video using programmable graphics hardware},
url={http://dx.doi.org/10.1007/s00138-007-0105-z},
publisher={Springer-Verlag},
keywords={Visual tracking; Vehicle tracking; Video surveillance; Visual inspection; Vision system; Robot navigation},
author={Sinha, SudiptaN. and Frahm, Jan-Michael and Pollefeys, Marc and Genc, Yakup},
pages={207-217},
language={English}
}

@article{ransac,
 author = {Fischler, Martin A. and Bolles, Robert C.},
 title = {Random Sample Consensus: A Paradigm for Model Fitting with Applications to Image Analysis and Automated Cartography},
 journal = {Commun. ACM},
 issue_date = {June 1981},
 volume = {24},
 number = {6},
 month = jun,
 year = {1981},
 issn = {0001-0782},
 pages = {381--395},
 numpages = {15},
 url = {http://doi.acm.org/10.1145/358669.358692},
 doi = {10.1145/358669.358692},
 acmid = {358692},
 publisher = {ACM},
 address = {New York, NY, USA},
 keywords = {automated cartography, camera calibration, image matching, location determination, model fitting, scene analysis},
} 

p3p
@inproceedings{kneip_11,
 author = {Kneip, L. and Scaramuzza, D. and Siegwart, R.},
 title = {A novel parametrization of the perspective-three-point problem for a direct computation of absolute camera position and orientation},
 booktitle = {Proceedings of the 2011 IEEE Conference on Computer Vision and Pattern Recognition},
 series = {CVPR '11},
 year = {2011},
 isbn = {978-1-4577-0394-2},
 pages = {2969--2976},
 numpages = {8},
 url = {http://dx.doi.org/10.1109/CVPR.2011.5995464},
 doi = {10.1109/CVPR.2011.5995464},
 acmid = {2191939},
 publisher = {IEEE Computer Society},
 address = {Washington, DC, USA},
 keywords = {nonlinear optimization, perspective-three-point problem, direct computation, camera position, 2D-3D point, camera reference frame, P3P problem, parametrized camera pose, computational efficiency, RANSAC-outlier rejection step},
}

5 point
@article{nister04,
author = {Nist{\'e}r, David},
title = {An Efficient Solution to the Five-Point Relative Pose Problem},
journal = {IEEE Trans. Pattern Anal. Mach. Intell.},
issue_date = {June 2004},
volume = {26},
number = {6},
month = jun,
year = {2004},
issn = {0162-8828},
pages = {756--777},
numpages = {22},
url = {http://dx.doi.org/10.1109/TPAMI.2004.17},
doi = {10.1109/TPAMI.2004.17},
acmid = {987623},
publisher = {IEEE Computer Society},
address = {Washington, DC, USA},
keywords = {Imaging geometry, Imaging geometry, motion, relative orientation, structure from motion, camera calibration, ego-motion estimation, scene reconstruction., camera calibration, ego-motion estimation, motion, relative orientation, scene reconstruction., structure from motion},
} 

triangulation
@INPROCEEDINGS{lindstrom_10, 
author={Lindstrom, P.}, 
booktitle={Computer Vision and Pattern Recognition (CVPR), 2010 IEEE Conference on}, 
title={Triangulation made easy}, 
year={2010}, 
pages={1554-1561}, 
keywords={computational geometry;computer vision;iterative methods;polynomials;3D points triangulation;L2 reprojection error;iterative algorithm;machine precision;matrix vector operations;optimal solution;polynomial method;quadratic equation;triangulation made easy;Cameras;Computer vision;Constraint optimization;Design methodology;Equations;Error correction;Iterative algorithms;Laboratories;Numerical stability;Polynomials}, 
doi={10.1109/CVPR.2010.5539785}, 
ISSN={1063-6919},}
https://e-reports-ext.llnl.gov/pdf/384387.pdf

robust mean
@inproceedings{jonsson_05,
    Author = {Erik Jonsson and Michael Felsberg},
    Booktitle = {Proceedings of the {SSBA} Symposium on Image Analysis},
    Title = {Efficient Robust Mean Value Computation of 1{D} Features},
    address = {Malm{\"o}},
    Month = {March},
    Year = {2005}}

7Dof Horn:
@ARTICLE{Horn87closed-formsolution,
    author = {Berthold K. P. Horn},
    title = {Closed-form solution of absolute orientation using unit quaternions},
    journal = {Journal of the Optical Society of America A},
    year = {1987},
    volume = {4},
    number = {4},
    pages = {629--642}}

@ARTICLE{umeyama, 
author={Umeyama, S.}, 
journal={Pattern Analysis and Machine Intelligence, IEEE Transactions on}, 
title={Least-squares estimation of transformation parameters between two point patterns}, 
year={1991}, 
volume={13}, 
number={4}, 
pages={376-380}, 
keywords={computer vision;error analysis;least squares approximations;parameter estimation;pattern recognition;computer vision,;least mean squared error;parameter estimation;pattern recognition;transformation parameters;two point patterns;Application software;Calibration;Cameras;Computer graphics;Computer vision;Image processing;Parameter estimation;Pattern recognition;Robot vision systems;Robotics and automation}, 
doi={10.1109/34.88573}, 
ISSN={0162-8828},}

@ARTICLE{horn_87,
    author = {Berthold K. P. Horn},
    title = {Closed-form solution of absolute orientation using unit quaternions},
    journal = {Journal of the Optical Society of America A},
    year = {1987},
    volume = {4},
    number = {4},
    pages = {629--642}
}

@INPROCEEDINGS{bag_of_words, 
author={Filliat, D.}, 
booktitle={Robotics and Automation, 2007 IEEE International Conference on}, 
title={A visual bag of words method for interactive qualitative localization and mapping}, 
year={2007}, 
pages={3921-3926}, 
keywords={SLAM (robots);humanoid robots;image recognition;learning (artificial intelligence);robot vision;animal-like personal robots;humanoid robots;incremental learning;interactive mapping;interactive qualitative localization;map-learning system;robot vision;room recognition;user-interactive training;visual bag of words method;visual categorization;Costs;Human robot interaction;Humanoid robots;Image databases;Robot sensing systems;Robot vision systems;Robotics and automation;Robustness;Shape control;Simultaneous localization and mapping}, 
doi={10.1109/ROBOT.2007.364080}, 
ISSN={1050-4729},}

kdtree
@inproceedings{kdtree,
 author = {Bentley, Jon Louis},
 title = {K-d Trees for Semidynamic Point Sets},
 booktitle = {Proceedings of the Sixth Annual Symposium on Computational Geometry},
 series = {SCG '90},
 year = {1990},
 isbn = {0-89791-362-0},
 location = {Berkley, California, USA},
 pages = {187--197},
 numpages = {11},
 url = {http://doi.acm.org/10.1145/98524.98564},
 doi = {10.1145/98524.98564},
 acmid = {98564},
 publisher = {ACM},
 address = {New York, NY, USA},
} 

fabmap
@article{fabmap,
 author = {Cummins, Mark and Newman, Paul},
 title = {FAB-MAP: Probabilistic Localization and Mapping in the Space of Appearance},
 journal = {Int. J. Rob. Res.},
 issue_date = {June      2008},
 volume = {27},
 number = {6},
 month = jun,
 year = {2008},
 issn = {0278-3649},
 pages = {647--665},
 numpages = {19},
 url = {http://dx.doi.org/10.1177/0278364908090961},
 doi = {10.1177/0278364908090961},
 acmid = {1377517},
 publisher = {Sage Publications, Inc.},
 address = {Thousand Oaks, CA, USA},
 keywords = {appearance based navigation, place recognition, topological SLAM},
} 

@INPROCEEDINGS{vocab_tree, 
author={Nister, D. and Stewenius, H.}, 
booktitle={Computer Vision and Pattern Recognition, 2006 IEEE Computer Society Conference on}, 
title={Scalable Recognition with a Vocabulary Tree}, 
year={2006}, 
volume={2}, 
pages={2161-2168}, 
keywords={Computer vision;Frequency;Image databases;Image recognition;Indexing;Quantization;Robustness;Spatial databases;Visualization;Vocabulary}, 
doi={10.1109/CVPR.2006.264}, 
ISSN={1063-6919},}

@book{Thrun_05,
 author = {Thrun, Sebastian and Burgard, Wolfram and Fox, Dieter},
 title = {Probabilistic Robotics (Intelligent Robotics and Autonomous Agents)},
 year = {2005},
 isbn = {0262201623},
 publisher = {The MIT Press},
} 
@INPROCEEDINGS{slam, 
author={Leonard, J.J. and Durrant-Whyte, H.F.}, 
booktitle={Intelligent Robots and Systems '91. 'Intelligence for Mechanical Systems, Proceedings IROS '91. IEEE/RSJ International Workshop on}, 
title={Simultaneous map building and localization for an autonomous mobile robot}, 
year={1991}, 
pages={1442-1447 vol.3}, 
keywords={computerised navigation;mobile robots;planning (artificial intelligence);autonomous mobile robot;computerised navigation;localization;long-term globally referenced position estimation;map building;multiple servo-mounted sonar sensors;path planning;precise positioning;ultrasonic sensing;Humans;Mobile robots;National electric code;Robot sensing systems;Sensor phenomena and characterization;Sonar navigation;Stochastic resonance;Target tracking;Testing;Vehicles}, 
doi={10.1109/IROS.1991.174711},}

slam tutorial 1
@ARTICLE{slam_1, 
author={Durrant-Whyte, H. and Bailey, Tim}, 
journal={Robotics Automation Magazine, IEEE}, 
title={Simultaneous localization and mapping: part I}, 
year={2006}, 
volume={13}, 
number={2}, 
pages={99-110}, 
keywords={mobile robots;path planning;SLAM problem;mobile robots;simultaneous localization and mapping problem;Artificial intelligence;Bayesian methods;Buildings;History;Mobile robots;Navigation;Particle filters;Robotics and automation;Simultaneous localization and mapping;Vehicles}, 
doi={10.1109/MRA.2006.1638022}, 
ISSN={1070-9932},}

slam tutorial ii
@ARTICLE{slam_2, 
author={Bailey, Tim and Durrant-Whyte, H.}, 
journal={Robotics Automation Magazine, IEEE}, 
title={Simultaneous localization and mapping (SLAM): part II}, 
year={2006}, 
volume={13}, 
number={3}, 
pages={108-117}, 
keywords={Bayes methods;computational complexity;mobile robots;path planning;statistical distributions;computational complexity;data association;environment representation;mobile robot;probability distributions;recursive Bayesian formulation;simultaneous localization and mapping;vehicle pose;Bayesian methods;Computational complexity;Computational efficiency;Delay estimation;Mobile robots;Robotics and automation;Robustness;Simultaneous localization and mapping;Uncertainty;Vehicles}, 
doi={10.1109/MRA.2006.1678144}, 
ISSN={1070-9932},}

ekf
@article{ekf,
  title={Contributions to the theory of optimal control},
  author={Kalman, Rudolf Emil},
  journal={Bol. Soc. Mat. Mexicana},
  volume={5},
  number={2},
  pages={102--119},
  year={1960},
  publisher={Citeseer}
}

@inproceedings{particle_filter,
 author = {Doucet, Arnaud and de Freitas, Nando and Murphy, Kevin and Russell, Stuart},
 title = {Rao-blackwellised Particle Filtering for Dynamic Bayesian Networks},
 booktitle = {Proceedings of the Sixteenth Conference on Uncertainty in Artificial Intelligence},
 series = {UAI'00},
 year = {2000},
 isbn = {1-55860-709-9},
 location = {Stanford, California},
 pages = {176--183},
 numpages = {8},
 url = {http://dl.acm.org/citation.cfm?id=2073946.2073968},
 acmid = {2073968},
 publisher = {Morgan Kaufmann Publishers Inc.},
 address = {San Francisco, CA, USA},
} 

@INPROCEEDINGS{davison_03, 
author={Davison, A.J.}, 
booktitle={Computer Vision, 2003. Proceedings. Ninth IEEE International Conference on}, 
title={Real-time simultaneous localisation and mapping with a single camera}, 
year={2003}, 
pages={1403-1410 vol.2}, 
keywords={Bayes methods;computer vision;feature extraction;motion estimation;real-time systems;video cameras;Bayesian framework;SLAM;active measurement strategy;camera motion;computer vision;desktop PC;ego-motion estimation;factored sampling approach;hand-waved camera;motion modelling;natural features;off-line processing;real-time localisation;real-time mapping research;real-time performance;real-time processing;robotics;robust localisation;scene knowledge;self-mapped visual features;simultaneous localisation and mapping;single camera;single-camera localisation;uncertainty propagation;Bayesian methods;Cameras;Layout;Motion estimation;Motion measurement;Particle measurements;Robot vision systems;Robustness;Sampling methods;Simultaneous localization and mapping}, 
doi={10.1109/ICCV.2003.1238654},}


@InProceedings{davison_04,
Author         = {A.J. Davison and Y. Gonz\'{a}lez Cid and N. Kita},
Title          = {Real-Time {3D} {SLAM} with Wide-Angle Vision},
BookTitle      = {Proc. IFAC Symposium on Intelligent Autonomous Vehicles, Lisbon},
month          = jul,
year           = 2004,
}

@INPROCEEDINGS{ptam, 
author={Klein, G. and Murray, D.}, 
booktitle={Mixed and Augmented Reality, 2007. ISMAR 2007. 6th IEEE and ACM International Symposium on}, 
title={Parallel Tracking and Mapping for Small AR Workspaces}, 
year={2007}, 
pages={225-234}, 
keywords={SLAM (robots);augmented reality;robot vision;SLAM algorithms;augmented reality;batch optimisation techniques;hand-held camera;parallel mapping;parallel tracking;robotic exploration;Algorithm design and analysis;Cameras;Concurrent computing;Handheld computers;Layout;Robot vision systems;Robustness;Simultaneous localization and mapping;Tracking;Yarn}, 
doi={10.1109/ISMAR.2007.4538852},}

@INPROCEEDINGS{dtam, 
author={Newcombe, Richard A. and Lovegrove, S.J. and Davison, A.J.}, 
booktitle={Computer Vision (ICCV), 2011 IEEE International Conference on}, 
title={DTAM: Dense tracking and mapping in real-time}, 
year={2011}, 
pages={2320-2327}, 
keywords={augmented reality;cameras;concave programming;graphics processing units;image motion analysis;image reconstruction;image texture;object tracking;GPU hardware;dense model;dense tracking and mapping;energy functional;hand-held RGB camera;image alignment;nonconvex optimisation;photometric data term;physics-enhanced augmented reality;real-time camera reconstruction;real-time camera tracking;real-time scene interaction;textured depth map;video stream;Cameras;Image reconstruction;Optimization;Real time systems;Robustness;Tracking;Vectors}, 
doi={10.1109/ICCV.2011.6126513}, 
ISSN={1550-5499},}


@InProceedings{mei_09,
  author =    {C. Mei and G. Sibley and M. Cummins and P. Newman and I. Reid},
  title =     {A Constant Time Efficient Stereo SLAM System},
  bookTitle = {BMVC},
  year =      {2009}
}

@ARTICLE{paz_08, 
author={Paz, Lina M. and Pinies, P. and Tardos, J.D. and Neira, J.}, 
journal={Robotics, IEEE Transactions on}, 
title={Large-Scale 6-DOF SLAM With Stereo-in-Hand}, 
year={2008}, 
volume={24}, 
number={5}, 
pages={946-957}, 
keywords={SLAM (robots);divide and conquer methods;feature extraction;image sensors;image texture;mobile robots;robot vision;stereo image processing;independent divide and conquer algorithm;large-scale 6-DOF SLAM;scale drift;simultaneous localization and mapping;stereo camera;stereo vision;textured point feature extraction;Linear time;scalability;stereo vision;visual SLAM}, 
doi={10.1109/TRO.2008.2004637}, 
ISSN={1552-3098},}

@article{rslam,
year={2011},
issn={0920-5691},
journal={International Journal of Computer Vision},
volume={94},
number={2},
doi={10.1007/s11263-010-0361-7},
title={RSLAM: A System for Large-Scale Mapping in Constant-Time Using Stereo},
url={http://dx.doi.org/10.1007/s11263-010-0361-7},
publisher={Springer US},
keywords={SLAM; Stereo; Tracking; Loop closing; SIFT},
author={Mei, Christopher and Sibley, Gabe and Cummins, Mark and Newman, Paul and Reid, Ian},
pages={198-214},
language={English}
}

@INPROCEEDINGS{particle_slam, 
author={Elinas, P. and Sim, R. and Little, J.J.}, 
booktitle={Robotics and Automation, 2006. ICRA 2006. Proceedings 2006 IEEE International Conference on}, 
title={/spl sigma/SLAM: stereo vision SLAM using the Rao-Blackwellised particle filter and a novel mixture proposal distribution}, 
year={2006}, 
pages={1564-1570}, 
keywords={mobile robots;motion estimation;particle filtering (numerical methods);path planning;position control;stereo image processing;Rao-Blackwellised particle filter;indoor mobile robots;landmark position measurements;laser sensors;motion estimates;scale invariant feature transform;sigmaSLAM;simultaneous localization and mapping;stereo vision SLAM;Image motion analysis;Mobile robots;Motion estimation;Optical filters;Optical sensors;Particle filters;Position measurement;Proposals;Simultaneous localization and mapping;Stereo vision}, 
doi={10.1109/ROBOT.2006.1641930}, 
ISSN={1050-4729},}

scavislam
@INPROCEEDINGS{strasdat_11, 
author={Strasdat, H. and Davison, A.J. and Montiel, J. M M and Konolige, K.}, 
booktitle={Computer Vision (ICCV), 2011 IEEE International Conference on}, 
title={Double window optimisation for constant time visual SLAM}, 
year={2011}, 
pages={2352-2359}, 
keywords={SLAM (robots);image colour analysis;image sensors;pose estimation;robot vision;stereo image processing;RGB-D cameras;constant time visual SLAM;dense RGB-D object model building;double window optimisation;monocular cameras;pose-point constraints;pose-pose soft constraints;reconstruction;stereo cameras;visual sensor;Barium;Cameras;Measurement;Optimization;Simultaneous localization and mapping;Three dimensional displays;Visualization}, 
doi={10.1109/ICCV.2011.6126517}, 
ISSN={1550-5499},}

rgbdslam
@INPROCEEDINGS{rgbdslam, 
author={Endres, F. and Hess, J. and Engelhard, N. and Sturm, J. and Cremers, D. and Burgard, W.}, 
booktitle={Robotics and Automation (ICRA), 2012 IEEE International Conference on}, 
title={An evaluation of the RGB-D SLAM system}, 
year={2012}, 
pages={1691-1696}, 
keywords={SLAM (robots);robot vision;Microsoft Kinect;RGB-D SLAM system;RGB-D cameras;camera speed;dense 3D model;hand-held Kinect;illumination condition;open source;simultaneous localization and mapping;Accuracy;Cameras;Feature extraction;Optimization;Runtime;Simultaneous localization and mapping;Trajectory}, 
doi={10.1109/ICRA.2012.6225199}, 
ISSN={1050-4729},}

@INPROCEEDINGS{kinfu, 
author={Newcombe, Richard A. and Davison, Andrew J. and Izadi, S. and Kohli, P. and Hilliges, Otmar and Shotton, J. and Molyneaux, David and Hodges, Steve and Kim, David and Fitzgibbon, A.}, 
booktitle={Mixed and Augmented Reality (ISMAR), 2011 10th IEEE International Symposium on}, 
title={KinectFusion: Real-time dense surface mapping and tracking}, 
year={2011}, 
pages={127-136}, 
keywords={Cameras;Image reconstruction;Iterative closest point algorithm;Real time systems;Simultaneous localization and mapping;Surface reconstruction;Three dimensional displays;AR;Dense Reconstruction;Depth Cameras;GPU;Real-Time;SLAM;Tracking;Volumetric Representation}, 
doi={10.1109/ISMAR.2011.6092378},}

@inproceedings{kintinuous,
    address = {Sydney, Australia},
    author = {Whelan, T. and McDonald, J. B. and Kaess, M. and Fallon, M. F. and Johannsson, H. and Leonard, J. J.},
    booktitle = {RSS Workshop on RGB-D: Advanced Reasoning with Depth Cameras},
    month = jul,
    posted-at = {2012-10-17 13:57:06},
    priority = {2},
    title = {Kintinuous: Spatially Extended {K}inect{F}usion},
    year = {2012}
}

@INPROCEEDINGS{why_filter, 
author={Strasdat, H. and Montiel, J. M M and Davison, A.J.}, 
booktitle={Robotics and Automation (ICRA), 2010 IEEE International Conference on}, 
title={Real-time monocular SLAM: Why filter?}, 
year={2010}, 
pages={2657-2664}, 
keywords={SLAM (robots);filtering theory;robot vision;Monte Carlo methods;filtering;monocular SLAM;simultaneous localisation and mapping;sparse optimisation;structure from motion problems;video streams;Computational modeling;Data mining;Information filtering;Information filters;Optimization methods;Performance analysis;Performance evaluation;Probability distribution;Simultaneous localization and mapping;Streaming media}, 
doi={10.1109/ROBOT.2010.5509636}, 
ISSN={1050-4729},}

g2o
@INPROCEEDINGS{g2o, 
author={Kummerle, R. and Grisetti, G. and Strasdat, H. and Konolige, K. and Burgard, W.}, 
booktitle={Robotics and Automation (ICRA), 2011 IEEE International Conference on}, 
title={G2o: A general framework for graph optimization}, 
year={2011}, 
pages={3607-3613}, 
keywords={C++ language;SLAM (robots);graph theory;least squares approximations;optimisation;robot vision;BA;SLAM;bundle adjustment;computer vision;error function;g2o;general framework;graph optimization;least squares optimization;open source C++ framework;robot vision;simultaneous localization and mapping;Barium;Jacobian matrices;Linear systems;Optimization;Simultaneous localization and mapping;Sparse matrices}, 
doi={10.1109/ICRA.2011.5979949}, 
ISSN={1050-4729},}

@phdthesis{kuemmerle13phd,
  author = {K{\"u}mmerle, Rainer},
  school = {Albert-Ludwigs-University of Freiburg, Department of Computer Science},
  title = {State Estimation and Optimization for Mobile Robot Navigation},
  month = {April},
  year = {2013}
}

@inproceedings{rosten_06,
    title       =    "Machine learning for high-speed corner detection",
    author      =    "Edward Rosten and Tom Drummond",
    year        =    "2006",
    month       =    "May",
    pages       =    "430--443",
    volume      =    "1",
    doi         =    "10.1007/11744023_34",
    booktitle   =    "European Conference on Computer Vision",
    notes       =    "Poster presentation",
    url         =    "http://edwardrosten.com/work/rosten_2006_machine.pdf",
}

@INPROCEEDINGS{dense_match, 
author={Jae Chul Kim and Kyoung-Mu Lee and Byoung-Tae Choi and Sang-Uk Lee}, 
booktitle={Computer Vision and Pattern Recognition, 2005. CVPR 2005. IEEE Computer Society Conference on}, 
title={A dense stereo matching using two-pass dynamic programming with generalized ground control points}, 
year={2005}, 
volume={2}, 
pages={1075-1082 vol. 2}, 
keywords={dynamic programming;image matching;spatial filters;stereo image processing;dense stereo matching;generalized ground control point;inter-scanline inconsistency problem;local matching;optimization;spatial filter;two-pass dynamic programming;Application software;Computational efficiency;Computer vision;Degradation;Dynamic programming;Proportional control;Spatial filters;Stability;Stereo vision;Telecommunication control},
doi={10.1109/CVPR.2005.22}, 
ISSN={1063-6919},}

@MastersThesis{engel_11,
    author     =     {J. Engel},
    title     =     {Autonomous Camera-Based Navigation of a Quadrocopter},
    school     =     {Technical University Munich},
    address     =     {Germany},
    year     =     {2011},
    month     =     {Dec.},
    keywords={quadrocopter, ardrone},
    award = {Distinguished with the SIEMENS award for best Master's Thesis 2012}
}